Automatically generated by Mendeley 1.3
Any changes to this file will be lost if it is regenerated by Mendeley.

@article{Bayer1972,
author = {Bayer, R. and McCreight, E. M.},
journal = {Acta Informatica},
title = {{Organization and maintenance of large ordered indexes}},
year = {1972}
}
@article{Comer1979,
author = {Comer, Douglas},
journal = {ACM Computing Surveys},
title = {{Ubiquitous B-Tree}},
year = {1979}
}
@inproceedings{Bender2007,
author = {Bender, Michael A. and et al.},
booktitle = {SPAA},
title = {{Cache-oblivious streaming B-trees}},
year = {2007}
}
@article{ONeil1996,
author = {O'Neil, Patrick and et al.},
journal = {Acta Informatica},
title = {{The log-structured merge-tree (LSM-tree)}},
year = {1996}
}
@misc{LevelDB,
author = {Level{DB}},
note = {\url{http://code.google.com/p/leveldb/}},
title = {A fast and lightweight key/value database library},
}
@misc{fuse,
  note = {\url{http://fuse.sourceforge.net/}},
  title = {{FUSE}}
}
@inproceedings{SILT,
author    = {Hyeontaek Lim and et al.},
title     = {{SILT}: a memory-efficient, high-performance key-value store},
booktitle = {SOSP},
year      = {2011},
}
@inproceedings{Graefe10,
author    = {Goetz Graefe and
             Harumi A. Kuno},
title     = {Self-selecting, self-tuning, incrementally optimized indexes},
booktitle = {EDBT},
year      = {2010},
}
@inproceedings{Graefe11,
   author    = {Goetz Graefe and
                Harumi A. Kuno},
   title     = {Modern B-tree techniques},
   booktitle = {ICDE},
   year      = {2011},
}
@inproceedings{Billions,
  title = {One billions files: pushing scalability limits of Linux Filesystem},
  author = {Ric Wheeler},
  booktitle = {Linux Foudation Events},
  year  = {2010}
}
@inproceedings{Ganger97,
  author = {Gregory R. Ganger and
            M. Frans Kaashoek},
  title = {Embedded Inodes and Explicit Grouping: Exploiting Disk Bandwidth for Small Files},
   booktitle = {USENIX ATC},
   year      = {1997},
}
@inproceedings{Leung09,
   author    = {Andrew W. Leung and
                Minglong Shao and
                Timothy Bisson and
                Shankar Pasupathy and
                Ethan L. Miller},
   title     = {Spyglass: Fast, Scalable Metadata Search for Large-Scale Storage Systems},
   booktitle = {FAST},
   year      = {2009},
}
@inproceedings{Inversion,
   author    = {Michael A. Olson},
   title     = {The Design and Implementation of the Inversion File System},
   booktitle = {USENIX Winter},
   year      = {1993},
}
@article{Andrew11,
  author    = {Andrew Twigg and et al.},
  title     = {Stratified B-trees and versioning dictionaries},
  journal   = {HotStorage},
  year      = {2011},
}
@article{Ohad10,
  author    = {Ohad Rodeh},
  title     = {Defragmentation Mechanisms for Copy-on-Write File-systems},
  journal   = {IBM Research Report},
  year      = {2010},
}
@inproceedings{Ext4,
   author    = {Avantika Mathur and et al.},
   title     = {The new ext4 ﬁlesystem: current status and future plans},
   booktitle = {Ottawa Linux Symposium},
   year      = {2007},
}
@inproceedings{HFS,
   author    = {Zhihui Zhang and et al.},
   title     = {{hFS}: A hybrid file system prototype for improving small file and metadata performance },
   booktitle = {EuroSys},
   year      = {2007},
}
@INPROCEEDINGS{XFS,
   author = {Adam Sweeney},
   title = {Scalability in the XFS file system},
   booktitle = {USENIX ATC},
   year = {1996},
}
@article{Btrfs,
  title={BRTFS: The Linux B-tree Filesystem},
  author={Ohad Rodeh and Josef Bacik and Chris Mason},
  journal={IBM Research Report RJ10501 (ALM1207-004)},
  year={2012}
}
@inproceedings{LFS,
   author= {Mendel Rosenblum and
            John K. Ousterhout},
   title= {The Design and Implementation of a Log-Structured File System},
   booktitle = {SOSP},
   year      = {1991},
}
@inproceedings{WAFL,
   author= {Dave Hitz and et al.},
   title     = {File System Design for an {NFS} File Server Appliance},
   booktitle = {USENIX Winter},
   year      = {1994},
}
@misc{ZFS,
  title = {{ZFS}},
  note={\url{http://www.opensolaris.org/os/community/zfs}},
}
@INPROCEEDINGS{Farsite,
  author = {Atul Adya and et al.},
  title = {{FARSITE}: Federated, Available, and Reliable Storage for an Incompletely Trusted Environment},
  booktitle = {OSDI},
  year = {2002},
}
@inproceedings{Soules03,
  author = {Craig A. N. Soules and et al.},
  title     = {Metadata Efficiency in Versioning File Systems},
  booktitle = {FAST},
  year      = {2003},
}
@inproceedings{GIGA,
   author = {Swapnil Patil and
             Garth A. Gibson},
   title     = {Scale and Concurrency of {GIGA+}: File System Directories with Millions of Files},
   booktitle = {FAST},
   year      = {2011},
}
@inproceedings{GPFS,
   author    = {Frank B. Schmuck and
                Roger L. Haskin},
   title     = {{GPFS}: A Shared-Disk File System for Large Computing Clusters},
   booktitle = {FAST},
   year      = {2002},
}
@inproceedings{Bill11,
  author = {Dutch T. Meyer and
            William J. Bolosky},
  title  = {A Study of Practical Deduplication},
  booktitle = {FAST},
  year      = {2011},
}
@inproceedings{Bill07,
  author    = {Nitin Agrawal and et al.},
   title     = {A Five-Year Study of File-System Metadata},
   booktitle = {FAST},
   year      = {2007},
}
@inproceedings{Bill99,
  author    = {John R. Douceur and
               William J. Bolosky},
  title     = {A Large-Scale Study of File-System Contents},
  booktitle = {SIGMETRICS},
  year      = {1999},
}
@techreport{Dayal,
  title = {Characterizing {HEC} Storage Systems at Rest},
  author = {Shobhit Dayal},
  booktitle = {Carnegie Mellon University PDL Technique Report},
  institution= {Carnegie Mellon University},
  year      = {2008},
}
@inproceedings{BabuDB,
   author = {Stender, Jan and et al.},
   title = {Babu{DB}: Fast and Efficient File System Metadata Storage},
   booktitle = {SNAPI '10},
   year = {2010},
}
@article{Rodeh08,
   author    = {Ohad Rodeh},
   title     = {B-trees, shadowing, and clones},
   journal   = {TOS},
   year      = {2008},
}
@inproceedings{C-Store,
   author    = {Michael Stonebraker and et al.},
   title     = {C-Store: A Column-oriented DBMS},
   booktitle = {VLDB},
   year      = {2005},
}
@inproceedings{BigTable,
   author = {Fay Chang and et al.},
   title = {Bigtable: a distributed storage system for structured data},
   booktitle = {OSDI},
   year = {2006},
}
@inproceedings{IBench,
  author = {Harter, Tyler and et al.},
  title  = {{A file is not a file: understanding the I/O behavior of Apple desktop applications}},
  booktitle = {SOSP},
  year = {2011},
}
@inproceedings{Mobi,
  author = {Hyojun Kim and et al.},
  title  = {Revisiting Storage for Smartphones},
  booktitle = {FAST},
  year = {2012},
}
@techreport{Postmark,
  author = {Jeffrey Katcher},
  title  = {PostMark: A New File System Benchmark},
  booktitle = {NetApp Technical Report},
  institution={NetApp},
  year = {1997},
}
@inproceedings{PanFS,
  author    = {Brent Welch and et al.},
  title     = {Scalable Performance of the Panasas Parallel File System},
  booktitle = {FAST},
  year      = {2008},
}
@inproceedings{PVFS,
  author    = {Robert B. Ross and et al.},
  title     = {{PVFS: a parallel file system}},
  booktitle = {SC},
  year      = {2006},
}
@misc{Lustre,
  author={Lustre},
  note = {\url{http://www.lustre.org/}},
  title = {Lustre file system},
}
@misc{HDFS,
  author={HDFS},
  note = {\url{http://hadoop.apache.org/}},
  title = {Hadoop file system},
}
@misc{Memcached,
  title = {Memcached},
  note = {\url{http://memcached.org/}},
}
@inproceedings{GFS,
  author = {Sanjay Ghemawat and et al},
  title  = {The {Google} file system},
  booktitle = {SOSP},
  year      = {2003},
}
@inproceedings{RAMCloud,
  author    = {Diego Ongaro and et al.},
  title     = {Fast crash recovery in RAMCloud},
  booktitle = {SOSP},
  year      = {2011},
}
@inproceedings{Stonebraker05,
   author    = {Michael Stonebraker and
                Ugur \c{C}etintemel},
   title     = {"One Size Fits All": An Idea Whose Time Has Come and Gone},
   booktitle = {ICDE},
   year      = {2005},
}
@article{Stonebraker81,
   author    = {Michael Stonebraker},
   title     = {Operating System Support for Database Management},
   journal   = {Commun. ACM},
   year      = {1981},
}
@inproceedings{PLFS,
   author    = {John Bent and et al.},
   title     = {PLFS: a checkpoint filesystem for parallel applications},
   booktitle = {SC},
   year      = {2009},
}
@inproceedings{Stasis,
   author    = {Russell Sears and
                 Eric A. Brewer},
   title     = {Stasis: Flexible Transactional Storage},
   booktitle = {OSDI},
   year      = {2006},
}
@inproceedings{LinuxFSSurvey,
   author    = {Jan Kára},
   title     = {Ext4, btrfs, and the others},
   booktitle = {Proceeding of Linux-Kongress and OpenSolaris Developer Conference},
   year      = {2009},
}
@article{Sears07,
   author    = {Russell Sears and et al.},
   title     = {To BLOB or Not To BLOB: Large Object Storage in a Database
                or a Filesystem?},
   journal   = {Microsoft Technique Report},
   year      = {2007},
}
@article{KBDBFS,
   author = {Aditya Kashyap and et al.},
   title  = {File System Extensibility and Reliability Using an in-Kernel Database},
   journal = {Master Thesis, Computer Science Department, Stony Brook University},
   year = {2004},
}
@article{FiST,
author = {Erez Zadok and Jason Nieh},
title = {FiST: A Language for Stackable File Systems},
journal = {USENIX Anual Technical Conference},
year = {2000},
}

@article{ecryptfs,
title = {eCryptfs: An Enterprise-class Encrypted Filesystem for Linux},
author = {Michael Austin Halcrow},
journal = {Proc. of the Linux Symposium, Ottawa, Canada},
year = {2005},
}

@article{Wright07,
title = {Extending ACID Semantics to the File System},
author ={CHARLES P. WRIGHT and RICHARD SPILLANE and GOPALAN SIVATHANU and EREZ ZADOK},
journal={ACM Transactions on Storage, Vol.3, No.2},
year={2007}
}

@article{Ganger94,
author = {Gregory R. Ganger and Yale N. Patt}, 
title = {Metadata Update Performance in File Systems},
journal = {USENIX Symposium on Operating Systems Design and Implementation},
year={1994}
}

@article{McKusick99,
author={Marshall Kirk McKusick and Gregory R. Ganger},
title = {Soft Updates: A Technique for Eliminating Most Synchronous Writes in the Fast Filesystem},
journal = {USENIX Annual Technical Conference, FREENIX Track},
year = {1999},
}

@article{Seltzer00,
author={Margo I. Seltzer and et al},
title={Journaling versus Soft Updates: Asynchronous Meta-data Protection in File Systems},
journal={USENIX Annual Technical Conference},
year={2000},
}

@article{Seltzer93,
author={Margo I. Seltzer and Keith Bostic and Marshall Kirk McKusick and Carl Staelin},
title={An Implementation of a Log-Structured File System for UNIX},
journal={USENIX Winter Technical Conference}, 
year={1993},
}

@article{Mullender84,
author={Sape J. Mullender and Andrew S. Tanenbaum},
title={Immediate Files},
journal={Software—Practice and Experience},
year={1984},
}

@article{Liskov04,
title={Transactional File Systems Can Be Fast},
author={Barbara Liskov and Rodrigo Rodrigues},
journal={Proceedings of the 11th ACM SIGOPS European Workshop},
year={2004},
}

@article{Haskin87,
author={R. Haskin and Y. Malachi and W. Sawdon and G. Chan},
title={Recovery management in QuickSilver},
journal={In Proceedings of the Eleventh ACM Symposium on Operating System Principles},
year={1987},
}

@article{Nightingale08,
title={Rethink the Sync},
author={EDMUND B. NIGHTINGALE and KAUSHIK VEERARAGHAVAN and PETER M. CHEN and JASON FLINN},
journal={ACM Transactions on Computer Systems, Vol.26, No.3 Article 6},
year={2008},
}

@article{Custer94,
title={Inside the Windows NT File System},
author={H. Custer},
journal={Microsoft Press},
year={1994}
}

@article{tokufs,
title={The TokuFS streaming file system},
author={John Esmet and Michael A. Bender and Martin Farach-Colton and Bradley C. Kuszmaul},
journal={Proceedings of the 4th USENIX conference on Hot Topics in Storage and File Systems (HotStorage12)},
year={2012}
}

@article{bloomfilter,
author={BLOOM, B.H.},
title={Space/time trade-offs in hash coding with allowable errors},
journal={Communication of ACM 13, 7},
year={1970}
}

@article{blsm,
title={bLSM: a general purpose log structured merge tree},
author={Russell Sears and Raghu Ramakrishnan},
journal={Proceedings of the 2012 ACM SIGMOD International Conference on Management of Data (SIGMOD12)}, 
year={2012}
}

@article{Roden08,
author={Ohad Rodeh},
title={B-trees, shadowing, and clones},
journal={Transaction of Storage 3:2:1–2:27},
year={2008}
}
